@article{Tsa2006,
	title	=	"A comparative study on shadow compensation of color aerial images in invariant color models",
	author	=	"V.J.D. Tsai",
	journal =	"IEEE Trans. on Geoscience and Remote Sensing",
	year	=	"2006",
	number	=	"6",
	volume	=	"44",
	pages	=	"1661--1671",
}